<record><leader>00000cas a2200000 a 4500</leader><controlfield tag="001">27804448</controlfield><controlfield tag="008">930326d19911995fludr ne      0   a0eng c</controlfield><datafield ind1=" " ind2=" " tag="010"><subfield code="a">sn 93003703 </subfield></datafield><datafield ind1=" " ind2=" " tag="040"><subfield code="a">NSD</subfield><subfield code="b">eng</subfield><subfield code="c">NSD</subfield><subfield code="d">FUG</subfield><subfield code="d">OCLCQ</subfield><subfield code="d">OCLCF</subfield><subfield code="d">OCLCO</subfield></datafield><datafield ind1=" " ind2=" " tag="012"><subfield code="i">9511</subfield><subfield code="m">1</subfield></datafield><datafield ind1="1" ind2=" " tag="022"><subfield code="a">1068-7939</subfield><subfield code="l">1068-7939</subfield><subfield code="2">1</subfield></datafield><datafield ind1="1" ind2=" " tag="029"><subfield code="a">AU@</subfield><subfield code="b">000043212156</subfield></datafield><datafield ind1=" " ind2=" " tag="032"><subfield code="a">005428</subfield><subfield code="b">USPS</subfield></datafield><datafield ind1=" " ind2=" " tag="042"><subfield code="a">nsdp</subfield><subfield code="a">pcc</subfield></datafield><datafield ind1=" " ind2=" " tag="043"><subfield code="a">n-us-fl</subfield></datafield><datafield ind1="0" ind2=" " tag="130"><subfield code="a">Sun herald (Charlotte Harbor, Fla. : Englewood ed.)</subfield></datafield><datafield ind1=" " ind2="0" tag="222"><subfield code="a">Sun herald</subfield><subfield code="b">(Englewood ed.)</subfield></datafield><datafield ind1="0" ind2="0" tag="245"><subfield code="a">Sun herald.</subfield></datafield><datafield ind1="3" ind2="0" tag="246"><subfield code="a">Englewood sun herald</subfield></datafield><datafield ind1=" " ind2=" " tag="250"><subfield code="a">Englewood ed.</subfield></datafield><datafield ind1=" " ind2=" " tag="260"><subfield code="a">Charlotte Harbor, FL :</subfield><subfield code="b">Sun Coast Media Group,</subfield><subfield code="c">1991-</subfield></datafield><datafield ind1=" " ind2=" " tag="300"><subfield code="a">v. :</subfield><subfield code="b">ill.</subfield></datafield><datafield ind1=" " ind2=" " tag="310"><subfield code="a">Daily</subfield></datafield><datafield ind1="0" ind2=" " tag="362"><subfield code="a">Vol. 99, no. 48 (Feb. 17, 1991)-</subfield></datafield><datafield ind1="1" ind2=" " tag="362"><subfield code="a">Ceased in 1995?</subfield></datafield><datafield ind1=" " ind2=" " tag="580"><subfield code="a">Other eds.: Sun herald (Charlotte Harbor, Fla. : Charlotte ed.), 1991-1995; Sun herald (Charlotte Harbor, Fla. : De Soto ed.), &lt;1994&gt;-1995.</subfield></datafield><datafield ind1=" " ind2="0" tag="651"><subfield code="a">Charlotte Harbor (Fla.)</subfield><subfield code="v">Newspapers.</subfield></datafield><datafield ind1=" " ind2="0" tag="651"><subfield code="a">Charlotte County (Fla.)</subfield><subfield code="v">Newspapers.</subfield></datafield><datafield ind1=" " ind2="0" tag="651"><subfield code="a">Englewood (Fla.)</subfield><subfield code="v">Newspapers.</subfield></datafield><datafield ind1=" " ind2="0" tag="651"><subfield code="a">Sarasota County (Fla.)</subfield><subfield code="v">Newspapers.</subfield></datafield><datafield ind1=" " ind2="7" tag="655"><subfield code="a">Newspapers.</subfield><subfield code="2">fast</subfield><subfield code="0">(OCoLC)fst01423814</subfield></datafield><datafield ind1=" " ind2="7" tag="651"><subfield code="a">Florida</subfield><subfield code="z">Charlotte County.</subfield><subfield code="2">fast</subfield><subfield code="0">(OCoLC)fst01217561</subfield></datafield><datafield ind1=" " ind2="7" tag="651"><subfield code="a">Florida</subfield><subfield code="z">Charlotte Harbor.</subfield><subfield code="2">fast</subfield><subfield code="0">(OCoLC)fst01236174</subfield></datafield><datafield ind1=" " ind2="7" tag="651"><subfield code="a">Florida</subfield><subfield code="z">Englewood.</subfield><subfield code="2">fast</subfield><subfield code="0">(OCoLC)fst01215628</subfield></datafield><datafield ind1=" " ind2="7" tag="651"><subfield code="a">Florida</subfield><subfield code="z">Sarasota County.</subfield><subfield code="2">fast</subfield><subfield code="0">(OCoLC)fst01214943</subfield></datafield><datafield ind1=" " ind2=" " tag="752"><subfield code="a">United States</subfield><subfield code="b">Florida</subfield><subfield code="c">Charlotte</subfield><subfield code="d">Charlotte Harbor.</subfield></datafield><datafield ind1=" " ind2=" " tag="752"><subfield code="a">United States</subfield><subfield code="b">Florida</subfield><subfield code="c">Sarasota</subfield><subfield code="d">Englewood.</subfield></datafield><datafield ind1="1" ind2=" " tag="775"><subfield code="t">Sun herald (Charlotte Harbor, Fla. : Charlotte ed.)</subfield><subfield code="x">1055-7806</subfield><subfield code="w">(DLC)sn 91002725</subfield><subfield code="w">(OCoLC)23302696</subfield></datafield><datafield ind1="1" ind2=" " tag="775"><subfield code="t">Sun herald (Charlotte Harbor, Fla. : De Soto ed.)</subfield><subfield code="x">1078-5574</subfield><subfield code="w">(DLC)sn 94004139</subfield><subfield code="w">(OCoLC)31119802</subfield></datafield><datafield ind1="0" ind2="0" tag="780"><subfield code="t">Englewood sun times</subfield><subfield code="x">1051-9351</subfield><subfield code="w">(DLC)sn 90066138</subfield><subfield code="w">(OCoLC)21170022</subfield></datafield><datafield ind1="0" ind2="0" tag="785"><subfield code="t">Englewood sun herald</subfield><subfield code="w">(DLC)sn 97027763</subfield><subfield code="w">(OCoLC)36853357</subfield></datafield><datafield ind1=" " ind2=" " tag="850"><subfield code="a">FU</subfield></datafield></record>